% Encoding: UTF-8
@Preamble{ " \newcommand{\noop}[1]{} " }

@article{Baskerville:2016,
  author  = {Baskerville, A. L. and King, A. W. and Cox, H.},
  title   = {Quantum effects of nuclear motion in three-particle diatomic ions},
  journal = {Phys. Rev. A.},
  year    = 2016,
  volume  = {94},
  pages   = {042512--1--042512-9},
  annote  = {doi: 1.01103/PhysRevA.94.042512}
}
@article{Baskerville:2018,
  author  = {King, A. W. and Baskerville, A. L. and Cox, H.},
  title   = {{Hartree-{F}ock implementation using a {L}aguerre-based wave function for the ground state and correlation energies of two-electron atoms}},
  journal = {Phil. Trans. Soc. A.},
  year    = {2018},
  volume  = {376},
  pages   = {20170153--1--20170153-16.},
  annote  = {doi: http://dx.doi.org/10.1098/rsta.2017.0153}
}
@article{Baskerville:2018rev,
  author  = {Cox, H. and Baskerville, A. L.},
  title   = {{Chapter Five - The Series Solution Method in Quantum Chemistry for Three-Particle Systems}},
  journal = {Adv. Quantum. Chem.},
  volume  = {77},
  pages   = {201--240},
  year    = 2018
}
@article{Baskerville:2019,
  author  = {Baskerville, A. L. and King, A. W. and Cox, H.},
  title   = {{Electron correlation in Li+ , He , H and the critical nuclear charge system ZC : energies, densities and Coulomb holes}},
  journal = {R. Soc. Open. Sci.},
  volume  = {6},
  pages   = {181357},
  year    = {2019},
  annote  = {doi: http://dx.doi.org/10.1098/rsos.181357}
}
@phdthesis{BaskervilleThesis:2018,
  author = {Baskerville, A. L.},
  title  = {{The quantum chemical physics of few-particle atoms and molecules}},
  school = {University of Sussex},
  year   = 2018
}
@article{Cox:2020,
  author  = {Baskerville, A. L. and Cox, H. and Syrjanen, V. J. J. and Melgaard, M.},
  title   = {{The bound state stability of the hydride ion in Hartree-Fock theory}},
  journal = {Adv. Quantum. Chem.},
  year    = 2020,
  volume  = {6},
  pages   = {1--23},
  annote  = {doi: https://doi.org/10.1016/bs.aiq.2020.04.002}
}
@unpublished{Baskerville:2021a,
  author  = {Baskerville, A. L. and Cox, H.},
  title   = {The Colle Salvetti Story},
  year    = {\textit{Submitted}, 2021},
}
@unpublished{Baskerville:2021b,
  author  = {Baskerville, A. L. and Targema, M. and Cox, H.},
  title   = {Reparametrization of the Colle-Salvetti Formula},
  year    = {{\textit{Submitted}}, 2021},
}
@unpublished{Baskerville:2021c,
  author  = {Baskerville, A. L. and Cox, H.},
  title   = {Highly Excited and Weakly Bound States in Atoms},
  year    = {{\textit{In preparation}}, 2021},
}
@unpublished{Baskerville:2021d,
  author  = {Baskerville, A. L. and Cox, H.},
  title   = {Radial energy-probability density relations for one- and two-electron systems},
  year    = {{\textit{Submitted}}, 2021},
}
@unpublished{Baskerville:2021e,
  author  = {Baskerville, A. L. and Quintanilla, J and Carr, S. and Hooley, C. and Leiria, V. and Martin, J. and Minns, J.},
  title   = {Magnetic Monopoles in Spin Ice},
  year    = {{\textit{Submitted}}, 2021},
}